@Manual{R-base,
  title = {R: A Language and Environment for Statistical Computing},
  author = {{R Core Team}},
  organization = {R Foundation for Statistical Computing},
  address = {Vienna, Austria},
  year = {2018},
  url = {https://www.R-project.org/},
}
@Manual{R-bindrcpp,
  title = {bindrcpp: An 'Rcpp' Interface to Active Bindings},
  author = {Kirill Müller},
  year = {2018},
  note = {R package version 0.2.2},
  url = {https://CRAN.R-project.org/package=bindrcpp},
}
@Manual{R-bookdown,
  title = {bookdown: Authoring Books and Technical Documents with R Markdown},
  author = {Yihui Xie},
  year = {2018},
  note = {R package version 0.9},
  url = {https://CRAN.R-project.org/package=bookdown},
}
@Manual{R-broom,
  title = {broom: Convert Statistical Analysis Objects into Tidy Tibbles},
  author = {David Robinson and Alex Hayes},
  year = {2018},
  note = {R package version 0.5.1},
  url = {https://CRAN.R-project.org/package=broom},
}
@Manual{R-car,
  title = {car: Companion to Applied Regression},
  author = {John Fox and Sanford Weisberg and Brad Price},
  year = {2018},
  note = {R package version 3.0-2},
  url = {https://CRAN.R-project.org/package=car},
}
@Manual{R-carData,
  title = {carData: Companion to Applied Regression Data Sets},
  author = {John Fox and Sanford Weisberg and Brad Price},
  year = {2018},
  note = {R package version 3.0-2},
  url = {https://CRAN.R-project.org/package=carData},
}
@Manual{R-dplyr,
  title = {dplyr: A Grammar of Data Manipulation},
  author = {Hadley Wickham and Romain François and Lionel Henry and Kirill Müller},
  year = {2018},
  note = {R package version 0.7.8},
  url = {https://CRAN.R-project.org/package=dplyr},
}
@Manual{R-effects,
  title = {effects: Effect Displays for Linear, Generalized Linear, and Other Models},
  author = {John Fox and Sanford Weisberg and Michael Friendly and Jangman Hong},
  year = {2018},
  note = {R package version 4.1-0},
  url = {https://CRAN.R-project.org/package=effects},
}
@Manual{R-epiDisplay,
  title = {epiDisplay: Epidemiological Data Display Package},
  author = {Virasakdi Chongsuvivatwong},
  year = {2018},
  note = {R package version 3.5.0.1},
  url = {https://CRAN.R-project.org/package=epiDisplay},
}
@Manual{R-forcats,
  title = {forcats: Tools for Working with Categorical Variables (Factors)},
  author = {Hadley Wickham},
  year = {2018},
  note = {R package version 0.3.0},
  url = {https://CRAN.R-project.org/package=forcats},
}
@Manual{R-foreign,
  title = {foreign: Read Data Stored by 'Minitab', 'S', 'SAS', 'SPSS', 'Stata',
'Systat', 'Weka', 'dBase', ...},
  author = {{R Core Team}},
  year = {2017},
  note = {R package version 0.8-70},
  url = {https://CRAN.R-project.org/package=foreign},
}
@Manual{R-gapminder,
  title = {gapminder: Data from Gapminder},
  author = {Jennifer Bryan},
  year = {2017},
  note = {R package version 0.3.0},
  url = {https://CRAN.R-project.org/package=gapminder},
}
@Manual{R-ggplot2,
  title = {ggplot2: Create Elegant Data Visualisations Using the Grammar of Graphics},
  author = {Hadley Wickham and Winston Chang and Lionel Henry and Thomas Lin Pedersen and Kohske Takahashi and Claus Wilke and Kara Woo},
  year = {2019},
  note = {R package version 3.1.1},
  url = {https://CRAN.R-project.org/package=ggplot2},
}
@Manual{R-haven,
  title = {haven: Import and Export 'SPSS', 'Stata' and 'SAS' Files},
  author = {Hadley Wickham and Evan Miller},
  year = {2018},
  note = {R package version 2.0.0},
  url = {https://CRAN.R-project.org/package=haven},
}
@Manual{R-knitr,
  title = {knitr: A General-Purpose Package for Dynamic Report Generation in R},
  author = {Yihui Xie},
  year = {2018},
  note = {R package version 1.21},
  url = {https://CRAN.R-project.org/package=knitr},
}
@Manual{R-lme4,
  title = {lme4: Linear Mixed-Effects Models using 'Eigen' and S4},
  author = {Douglas Bates and Martin Maechler and Ben Bolker and Steven Walker},
  year = {2019},
  note = {R package version 1.1-20},
  url = {https://CRAN.R-project.org/package=lme4},
}
@Manual{R-lmerTest,
  title = {lmerTest: Tests in Linear Mixed Effects Models},
  author = {Alexandra Kuznetsova and Per {Bruun Brockhoff} and Rune {Haubo Bojesen Christensen}},
  year = {2019},
  note = {R package version 3.1-0},
  url = {https://CRAN.R-project.org/package=lmerTest},
}
@Manual{R-lmtest,
  title = {lmtest: Testing Linear Regression Models},
  author = {Torsten Hothorn and Achim Zeileis and Richard W. Farebrother and Clint Cummins},
  year = {2018},
  note = {R package version 0.9-36},
  url = {https://CRAN.R-project.org/package=lmtest},
}
@Manual{R-MASS,
  title = {MASS: Support Functions and Datasets for Venables and Ripley's MASS},
  author = {Brian Ripley},
  year = {2018},
  note = {R package version 7.3-50},
  url = {https://CRAN.R-project.org/package=MASS},
}
@Manual{R-Matrix,
  title = {Matrix: Sparse and Dense Matrix Classes and Methods},
  author = {Douglas Bates and Martin Maechler},
  year = {2018},
  note = {R package version 1.2-14},
  url = {https://CRAN.R-project.org/package=Matrix},
}
@Manual{R-modelr,
  title = {modelr: Modelling Functions that Work with the Pipe},
  author = {Hadley Wickham},
  year = {2019},
  note = {R package version 0.1.3},
  url = {https://CRAN.R-project.org/package=modelr},
}
@Manual{R-moments,
  title = {moments: Moments, cumulants, skewness, kurtosis and related tests},
  author = {Lukasz Komsta and Frederick Novomestky},
  year = {2015},
  note = {R package version 0.14},
  url = {https://CRAN.R-project.org/package=moments},
}
@Manual{R-nnet,
  title = {nnet: Feed-Forward Neural Networks and Multinomial Log-Linear Models},
  author = {Brian Ripley},
  year = {2016},
  note = {R package version 7.3-12},
  url = {https://CRAN.R-project.org/package=nnet},
}
@Manual{R-purrr,
  title = {purrr: Functional Programming Tools},
  author = {Lionel Henry and Hadley Wickham},
  year = {2019},
  note = {R package version 0.3.0},
  url = {https://CRAN.R-project.org/package=purrr},
}
@Manual{R-readr,
  title = {readr: Read Rectangular Text Data},
  author = {Hadley Wickham and Jim Hester and Romain Francois},
  year = {2018},
  note = {R package version 1.3.1},
  url = {https://CRAN.R-project.org/package=readr},
}
@Manual{R-rmarkdown,
  title = {rmarkdown: Dynamic Documents for R},
  author = {JJ Allaire and Yihui Xie and Jonathan McPherson and Javier Luraschi and Kevin Ushey and Aron Atkins and Hadley Wickham and Joe Cheng and Winston Chang and Richard Iannone},
  year = {2018},
  note = {R package version 1.11},
  url = {https://CRAN.R-project.org/package=rmarkdown},
}
@Manual{R-sandwich,
  title = {sandwich: Robust Covariance Matrix Estimators},
  author = {Achim Zeileis and Thomas Lumley},
  year = {2019},
  note = {R package version 2.5-1},
  url = {https://CRAN.R-project.org/package=sandwich},
}
@Manual{R-scales,
  title = {scales: Scale Functions for Visualization},
  author = {Hadley Wickham},
  year = {2018},
  note = {R package version 1.0.0},
  url = {https://CRAN.R-project.org/package=scales},
}
@Manual{R-stargazer,
  title = {stargazer: Well-Formatted Regression and Summary Statistics Tables},
  author = {Marek Hlavac},
  year = {2018},
  note = {R package version 5.2.2},
  url = {https://CRAN.R-project.org/package=stargazer},
}
@Manual{R-stringr,
  title = {stringr: Simple, Consistent Wrappers for Common String Operations},
  author = {Hadley Wickham},
  year = {2019},
  note = {R package version 1.4.0},
  url = {https://CRAN.R-project.org/package=stringr},
}
@Manual{R-survival,
  title = {survival: Survival Analysis},
  author = {Terry M Therneau},
  year = {2018},
  note = {R package version 2.42-3},
  url = {https://CRAN.R-project.org/package=survival},
}
@Manual{R-tibble,
  title = {tibble: Simple Data Frames},
  author = {Kirill Müller and Hadley Wickham},
  year = {2019},
  note = {R package version 2.1.1},
  url = {https://CRAN.R-project.org/package=tibble},
}
@Manual{R-tidyr,
  title = {tidyr: Easily Tidy Data with 'spread()' and 'gather()' Functions},
  author = {Hadley Wickham and Lionel Henry},
  year = {2018},
  note = {R package version 0.8.2},
  url = {https://CRAN.R-project.org/package=tidyr},
}
@Manual{R-tidyverse,
  title = {tidyverse: Easily Install and Load the 'Tidyverse'},
  author = {Hadley Wickham},
  year = {2017},
  note = {R package version 1.2.1},
  url = {https://CRAN.R-project.org/package=tidyverse},
}
@Manual{R-titanic,
  title = {titanic: Titanic Passenger Survival Data Set},
  author = {Paul Hendricks},
  year = {2015},
  note = {R package version 0.1.0},
  url = {https://CRAN.R-project.org/package=titanic},
}
@Manual{R-zoo,
  title = {zoo: S3 Infrastructure for Regular and Irregular Time Series (Z's
Ordered Observations)},
  author = {Achim Zeileis and Gabor Grothendieck and Jeffrey A. Ryan},
  year = {2018},
  note = {R package version 1.8-4},
  url = {https://CRAN.R-project.org/package=zoo},
}
